<?xml version="1.0" encoding="UTF-8"?><collection xmlns="http://www.loc.gov/MARC21/slim"><record><leader>00329nam--2200121-i-4500</leader><controlfield tag="001">000045636</controlfield><controlfield tag="002">20161230</controlfield><controlfield tag="005">20161230201045</controlfield><controlfield tag="008">060222s1000------------r-----000-0-eng-d</controlfield><datafield ind1=" " ind2=" " tag="100"><subfield code="a">Uhl, Ernst</subfield></datafield><datafield ind1=" " ind2=" " tag="245"><subfield code="a">Dser elektrische widerstand von metallischen schmelzen</subfield></datafield><datafield ind1=" " ind2=" " tag="260"><subfield code="a">Stuttgart, Technischen Hochschuyle, 1959 7p</subfield></datafield><datafield ind1=" " ind2=" " tag="852"><subfield code="a">15403</subfield></datafield></record></collection>